<record><leader>00000cas a2200000 a 4500</leader><controlfield tag="001">42353087</controlfield><controlfield tag="008">990910d190119uuvtuwr ne      0    0eng c</controlfield><datafield ind1=" " ind2=" " tag="010"><subfield code="a">sn 99067931 </subfield></datafield><datafield ind1=" " ind2=" " tag="040"><subfield code="a">NVN</subfield><subfield code="b">eng</subfield><subfield code="c">NVN</subfield><subfield code="d">OCLCQ</subfield><subfield code="d">OCLCF</subfield><subfield code="d">OCLCO</subfield></datafield><datafield ind1="1" ind2=" " tag="029"><subfield code="a">AU@</subfield><subfield code="b">000021095241</subfield></datafield><datafield ind1=" " ind2=" " tag="042"><subfield code="a">pcc</subfield></datafield><datafield ind1=" " ind2=" " tag="043"><subfield code="a">n-us-vt</subfield></datafield><datafield ind1="0" ind2="4" tag="245"><subfield code="a">The Stowe messenger.</subfield></datafield><datafield ind1="1" ind2="3" tag="246"><subfield code="a">Messenger</subfield></datafield><datafield ind1=" " ind2=" " tag="260"><subfield code="a">Morrisville, Vt. :</subfield><subfield code="b">Messenger Sentinel Co.</subfield></datafield><datafield ind1=" " ind2=" " tag="300"><subfield code="a">v.</subfield></datafield><datafield ind1=" " ind2=" " tag="310"><subfield code="a">Weekly</subfield></datafield><datafield ind1="1" ind2=" " tag="362"><subfield code="a">Began in Jan. 1901?</subfield></datafield><datafield ind1=" " ind2=" " tag="588"><subfield code="a">Description based on: Vol. 6, no. 40 (OCt. 12, 1906).</subfield></datafield><datafield ind1=" " ind2="0" tag="651"><subfield code="a">Stowe (Vt.)</subfield><subfield code="v">Newspapers.</subfield></datafield><datafield ind1=" " ind2="0" tag="651"><subfield code="a">Lamoille County (Vt.)</subfield><subfield code="v">Newspapers.</subfield></datafield><datafield ind1=" " ind2="0" tag="651"><subfield code="a">Vermont</subfield><subfield code="v">Newspapers.</subfield></datafield><datafield ind1=" " ind2="7" tag="655"><subfield code="a">Newspapers.</subfield><subfield code="2">fast</subfield><subfield code="0">(OCoLC)fst01423814</subfield></datafield><datafield ind1=" " ind2="7" tag="651"><subfield code="a">Vermont.</subfield><subfield code="2">fast</subfield><subfield code="0">(OCoLC)fst01204305</subfield></datafield><datafield ind1=" " ind2="7" tag="651"><subfield code="a">Vermont</subfield><subfield code="z">Lamoille County.</subfield><subfield code="2">fast</subfield><subfield code="0">(OCoLC)fst01221237</subfield></datafield><datafield ind1=" " ind2="7" tag="651"><subfield code="a">Vermont</subfield><subfield code="z">Stowe.</subfield><subfield code="2">fast</subfield><subfield code="0">(OCoLC)fst01218081</subfield></datafield><datafield ind1=" " ind2=" " tag="752"><subfield code="a">United States</subfield><subfield code="b">Vermont</subfield><subfield code="c">Lamoille</subfield><subfield code="d">Morrisville.</subfield></datafield><datafield ind1="0" ind2=" " tag="775"><subfield code="t">Morrisville messenger</subfield><subfield code="w">(DLC)sn 97067614</subfield><subfield code="w">(OCoLC)38011831</subfield></datafield><datafield ind1="0" ind2=" " tag="775"><subfield code="t">Wolcott messenger</subfield></datafield><datafield ind1="0" ind2=" " tag="775"><subfield code="t">Johnson messenger (Morrisville, Vt.)</subfield><subfield code="w">(DLC)sn 99067932</subfield><subfield code="w">(OCoLC)42353150</subfield></datafield><datafield ind1="0" ind2=" " tag="775"><subfield code="t">Jeffersonville sentinel</subfield></datafield><datafield ind1="0" ind2=" " tag="775"><subfield code="t">Cambridge sentinel (Morrisville, Vt.)</subfield><subfield code="w">(DLC)sn 98060072</subfield><subfield code="w">(OCoLC)39072179</subfield></datafield></record>